<record><leader>00000cas a22000007a 4500</leader><controlfield tag="001">10602669</controlfield><controlfield tag="008">840406d18531855mdudn ne      0    0eng  </controlfield><controlfield tag="009">466</controlfield><datafield ind1=" " ind2=" " tag="010"><subfield code="a">sn 84020342 </subfield></datafield><datafield ind1=" " ind2=" " tag="040"><subfield code="a">DLC</subfield><subfield code="b">eng</subfield><subfield code="c">DLC</subfield><subfield code="d">NPX</subfield><subfield code="d">MFN</subfield><subfield code="d">CNK</subfield></datafield><datafield ind1="1" ind2=" " tag="029"><subfield code="a">AU@</subfield><subfield code="b">000025808688</subfield></datafield><datafield ind1=" " ind2=" " tag="042"><subfield code="a">msc</subfield></datafield><datafield ind1="0" ind2="0" tag="050"><subfield code="a">Newspaper</subfield></datafield><datafield ind1="0" ind2=" " tag="130"><subfield code="a">Republican and argus (Baltimore, Md. : 1853)</subfield></datafield><datafield ind1="0" ind2="0" tag="245"><subfield code="a">Republican and argus.</subfield></datafield><datafield ind1=" " ind2=" " tag="260"><subfield code="a">Baltimore, Md. :</subfield><subfield code="b">B.H. Richardson,</subfield></datafield><datafield ind1=" " ind2=" " tag="300"><subfield code="a">v.</subfield></datafield><datafield ind1=" " ind2=" " tag="310"><subfield code="a">Daily (except Sun.)</subfield></datafield><datafield ind1="0" ind2=" " tag="362"><subfield code="a">Vol. 39, no. 9,588 (Apr. 4, 1853)-v. 42, no. 17,214 (Apr. 3, 1855).</subfield></datafield><datafield ind1=" " ind2=" " tag="752"><subfield code="a">United States</subfield><subfield code="b">Maryland</subfield><subfield code="d">Baltimore.</subfield></datafield><datafield ind1="0" ind2=" " tag="775"><subfield code="t">Baltimore weekly argus</subfield><subfield code="w">(DLC)sn 87090494</subfield></datafield><datafield ind1="0" ind2="0" tag="780"><subfield code="t">Daily argus (Baltimore, Md. : 1852)</subfield><subfield code="w">(DLC)sn 84020341</subfield></datafield><datafield ind1="0" ind2="0" tag="785"><subfield code="t">Daily Baltimore Republican</subfield><subfield code="w">(DLC)sn 84020343</subfield></datafield></record>